<record><leader>00000cas a22000007a 4500</leader><controlfield tag="001">14780399</controlfield><controlfield tag="008">861120c19669999paudr ne      0    0eng d</controlfield><datafield ind1=" " ind2=" " tag="010"><subfield code="a">sn 87078416 </subfield></datafield><datafield ind1=" " ind2=" " tag="040"><subfield code="a">NPH</subfield><subfield code="b">eng</subfield><subfield code="c">NPH</subfield><subfield code="d">OCLCQ</subfield></datafield><datafield ind1=" " ind2=" " tag="042"><subfield code="a">msc</subfield></datafield><datafield ind1="0" ind2=" " tag="130"><subfield code="a">Bucks County courier times (Levittown, Pa. : Eastern ed.)</subfield></datafield><datafield ind1="1" ind2="0" tag="245"><subfield code="a">Bucks County courier times.</subfield></datafield><datafield ind1="1" ind2="3" tag="246"><subfield code="a">Courier-times</subfield></datafield><datafield ind1=" " ind2=" " tag="250"><subfield code="a">[Eastern ed.].</subfield></datafield><datafield ind1=" " ind2=" " tag="260"><subfield code="a">Levittown, Pa. :</subfield><subfield code="b">Bristol Print. Co.,</subfield><subfield code="c">1966-</subfield></datafield><datafield ind1=" " ind2=" " tag="300"><subfield code="a">v. :</subfield><subfield code="b">ill.</subfield></datafield><datafield ind1=" " ind2=" " tag="310"><subfield code="a">Daily</subfield></datafield><datafield ind1=" " ind2=" " tag="321"><subfield code="a">Daily (except Sun.),</subfield><subfield code="b">&lt;1966-1976&gt;</subfield></datafield><datafield ind1="0" ind2=" " tag="362"><subfield code="a">Vol. 56, no. 299 (Oct. 3, 1966)-</subfield></datafield><datafield ind1=" " ind2=" " tag="500"><subfield code="a">Edition statement varies: Morrisville, Yardley, Makefield &lt;1966-1972&gt;; "B," Aug. 3, 1968-&lt;1972&gt;; "C," &lt;1972-&gt;.</subfield></datafield><datafield ind1=" " ind2=" " tag="500"><subfield code="a">Western and Eastern editions united to publish single "A-B-C" Sunday issue, &lt;1976-&gt;.</subfield></datafield><datafield ind1=" " ind2=" " tag="515"><subfield code="a">Continues numbering of Bucks County courier.</subfield></datafield><datafield ind1=" " ind2=" " tag="752"><subfield code="a">United States</subfield><subfield code="b">Pennsylvania</subfield><subfield code="c">Bucks</subfield><subfield code="d">Levittown.</subfield></datafield><datafield ind1=" " ind2=" " tag="752"><subfield code="a">United States</subfield><subfield code="b">Pennsylvania</subfield><subfield code="c">Bucks</subfield><subfield code="d">Bristol.</subfield></datafield><datafield ind1=" " ind2=" " tag="752"><subfield code="a">United States</subfield><subfield code="b">Pennsylvania</subfield><subfield code="c">Bucks</subfield><subfield code="d">Yardley.</subfield></datafield><datafield ind1=" " ind2=" " tag="752"><subfield code="a">United States</subfield><subfield code="b">Pennsylvania</subfield><subfield code="c">Bucks</subfield><subfield code="d">Morrisville.</subfield></datafield><datafield ind1=" " ind2=" " tag="752"><subfield code="a">United States</subfield><subfield code="b">Pennsylvania</subfield><subfield code="c">Bucks</subfield><subfield code="d">Makefield.</subfield></datafield><datafield ind1="0" ind2=" " tag="775"><subfield code="t">Bucks County courier times (Levittown, Pa. : Western ed.)</subfield><subfield code="w">(DLC)sn 87078419</subfield></datafield><datafield ind1="0" ind2="4" tag="780"><subfield code="t">Bucks County courier</subfield><subfield code="w">(DLC)sn 87078418</subfield></datafield><datafield ind1="0" ind2="4" tag="780"><subfield code="t">Bucks County times</subfield><subfield code="w">(DLC)sn 87078420</subfield></datafield></record>